@inproceedings{van2016deep,
  title={Deep reinforcement learning with double q-learning},
  author={Van Hasselt, Hado and Guez, Arthur and Silver, David},
  booktitle={Proceedings of the AAAI conference on artificial intelligence},
  volume={30},
  number={1},
  year={2016}
}

@online{GameSpy,
  title = {The Gamespy Hall of Fame: Space Invaders},
  author = {Kevin Bowen},
  year = 2010,
  url = {https://web.archive.org/web/20080408152913/http://archive.gamespy.com/legacy/halloffame/spaceinvaders.shtm},
  urldate = {2008-04-08}
}

@article{li2017deep,
  title={Deep reinforcement learning: An overview},
  author={Li, Yuxi},
  journal={arXiv preprint arXiv:1701.07274},
  year={2017}
}

@inproceedings{torrado2018deep,
  title={Deep reinforcement learning for general video game ai},
  author={Torrado, Ruben Rodriguez and Bontrager, Philip and Togelius, Julian and Liu, Jialin and Perez-Liebana, Diego},
  booktitle={2018 IEEE Conference on Computational Intelligence and Games (CIG)},
  pages={1--8},
  year={2018},
  organization={IEEE}
}

@article{ji2020improving,
  title={Improving decision-making efficiency of image game based on deep Q-learning},
  author={Ji, Zhe and Xiao, Wenjun},
  journal={Soft Computing},
  volume={24},
  number={11},
  pages={8313--8322},
  year={2020},
  publisher={Springer}
}

@article{clary2019let,
  title={Let's Play Again: Variability of Deep Reinforcement Learning Agents in Atari Environments},
  author={Clary, Kaleigh and Tosch, Emma and Foley, John and Jensen, David},
  journal={arXiv preprint arXiv:1904.06312},
  year={2019}
}

@article{mnih2015human,
  title={Human-level control through deep reinforcement learning},
  author={Mnih, Volodymyr and Kavukcuoglu, Koray and Silver, David and Rusu, Andrei A and Veness, Joel and Bellemare, Marc G and Graves, Alex and Riedmiller, Martin and Fidjeland, Andreas K and Ostrovski, Georg and others},
  journal={nature},
  volume={518},
  number={7540},
  pages={529--533},
  year={2015},
  publisher={Nature Publishing Group UK London}
}

@inproceedings{wang2016dueling,
  title={Dueling network architectures for deep reinforcement learning},
  author={Wang, Ziyu and Schaul, Tom and Hessel, Matteo and Hasselt, Hado and Lanctot, Marc and Freitas, Nando},
  booktitle={International conference on machine learning},
  pages={1995--2003},
  year={2016},
  organization={PMLR}
}

@inproceedings{girshick2015fast,
  title={Fast r-cnn},
  author={Girshick, Ross},
  booktitle={Proceedings of the IEEE international conference on computer vision},
  pages={1440--1448},
  year={2015}
}